%Bibliographic entries for CCS RRI 2018 paper on E-Waste in India

%Newspaper Citations

@article{shenoynews,
author = {Shenoy, Jaideep},
title  = {India Among the Top Five Countries in E-Waste Generation: ASSOCHAM-NEC Study},
date   = {2018-06-04},
journal = {The Times of India},
url    = {https://bit.ly/2xFve9Q}}

@article{kumarnews,
author = {Kumar, Rakesh},
title = {The Problem of Electronic Waste},
date = {2018-04-26},
journal = {The Telegraph},
url = {https://bit.ly/2NUYXST}}

@article{worstallnews,
author = {Worstall, Tim},
title = {India Almost Gets E-Waste Recycling Right But Not Quite},
date = {2016-03-24},
journal = {Forbes},
url = {https://bit.ly/2NqYgkU}}

@article{ahmednews,
author = {Ahmed, Syed Faraz},
title = {The Global Cost of Electronic Waste},
date = {2016-09-26},
journal = {The Atlantic},
url = {https://bit.ly/2kXWf0L}}

@article{alanews,
author = {Ala-Kurikka, Susanna},
title = {Lifespand of Consumer Electronics Is Getting Shorter, Study Finds},
date = {2015-03-03},
journal = {The Guardian},
url = {https://bit.ly/2NsGGNG}}

@article{sahanews,
author = {Saha, Susmita},
title = {E-Waste Contaminating Delhi's Groundwater and Soil},
journal = {Down To Earth},
date = {2018-01-18},
url = {https://bit.ly/2xBtevM}}

@article{bhowmicknews,
author = {Bhowmick, Nilanjana},
title = {Is India's E-Waste Problem Spiraling Out of Control?},
journal = {Time},
date = {2011-05-23},
url = {https://ti.me/1OhR01W}}

@article{bhadurinews,
author = {Bhaduri, Amita},
title = {Why Does the World's E-Waste Reach India?},
journal = {YourStory},
date = {2017-11-30},
url = {https://bit.ly/2AMuWhA}}

@article{thakurnews,
author = {Thakur, Joydeep},
title = {What Happens to E-Waste: Your Junked Gadgets Come Back to You as Toxic Fumes},
journal = {Hindustan Times},
date = {2017-11-02},
url = {https://bit.ly/2pjGdP1}}

%Online Reports
@online{assochamstats,
author = {ASSOCHAM},
title = {India among the top five countries in e-waste generation: ASSOCHAM-NEC study},
date = {2018-06-04},
url = {https://bit.ly/2Qf7CNw}}
urldate = {2018-06-19}}

@online{assochamdelhi,
author = {ASSOCHAM},
title = {Delhi-NCR will Generate 1,50,000 MT E-Waste by 2020: ASSOCHAM Study},
date = {2018-01-09},
url = {https://bit.ly/2NnIBD8},
urldate = {2018-06-19}}

@online{assochamchild,
author = {ASSOCHAM},
title = {Over 4.5 Lakhs Child Labours Engaged in Various E-Waste Activities in India: ASSOCHAM Study; India’s Capital Produces 67,000 MT of Electronic Waste a Year},
date = {2014-04-21},
url = {https://bit.ly/2MJE0Wp},
urldate = {2018-08-10}}

%Published Reports
@report{baldereport,
author = {Baldé, C. P. and Forti, V. and Gray, V. and Kuehr, R. and Stegmann, P.},
title = {The Global E-Waste Monitor 2017},
institution = {United Nations University (UTU), International Telecommunication Union (ITU), International Solid Waste Association (ISWA)},
address = {Bonn, Geneva, Vienna},
date = {2017},
url = {https://bit.ly/2AnDRmm}}

@report{chintanreport,
author = {Chaturvedi, Bharati and Bharadwaj, Supriya},
title = {Learning to Re-E-Cycle},
institution = {Chintan Environmental Research and Action Group},
place = {New Delhi},
date = {2013},
url = {https://bit.ly/2pmFKeU}}

@report{assochameyreport,
author = {ASSOCHAM and {Ernst \& Young}},
title = {Turning the "Make in India" Dream into a Reality for the Electronics and Hardware Industry},
year = {2016},
url = {https://go.ey.com/2DdFGrN}}

@report{assochamnecreport,
author = {ASSOCHAM and NEC},
title = {Electricals and Electronics Manufacturing in India},
year = {2018},
url = {https://bit.ly/2xBS2DY}}

@report{csereport,
author = {{Centre for Science and Environment}},
title = {Recommendations to Address the Issues of Informal Sector Involved in E-Waste Handling},
year = {2015},
url = {https://bit.ly/2PNXTO4}}

@report{toxicsreport,
author = {{Toxics Link}},
title = {Impact of E-Waste Recycling on Water and Soil},
year = {2014},
institution = {{Toxics Link}},
address = {New Delhi},
url = {https://bit.ly/2xvi4Ja}}

@report{pibreport,
author = {{Press Information Bureau}},
title = {Salient Features of the E-Waste (Management) Rules, 2016 and Its Likely Implication},
year = {2016},
url = {https://bit.ly/2xusAQU}}

@report{toxicsreportb,
author = {{Toxics Link}},
title = {Time to Reboot II},
year = {2015},
institution = {{Toxics Link}},
address = {New Delhi},
url = {https://bit.ly/2N8fb6L}}

@report{cpcbproreport,
author = {{Central Pollution Control Board}},
title = {Guidelines for Producer Responsibility Organisation (PRO), 2018},
year = {2018},
url = {https://bit.ly/2NlMicm}}

@report{veitreport,
author = {Veit, Ralph},
title = {Evolution of Producer Responsibility and Product Stewardship},
year = {2014},
institution = {SAGIS EPR},
url = {https://bit.ly/2MIRf9P},
urldate = {2018-07-06}}

@report{cpcbrecyclersreport,
author = {{Central Pollution Control Board}},
title = {List of Registered E-Waste Dismantlers/Recyclers in the Country, 2016},
year = {2016},
url = {https://bit.ly/2D9J1YU}}

@report{mcallisterreport,
author = {McAllister, Lesley K.},
title = {Third-Party Programs to Assess Regulatory Compliance},
year = {2012},
institution = {Administrative Conference of the United States},
url = {https://bit.ly/2pn8jcm}}

%Research Papers
@article{wallspaper,
author = {Walls, Margaret},
title = {Deposit-Refund Systems in Practice and Theory},
journal = {Resources for the Future, Discussion Paper},
year = {2011},
pages = {11--47},
url = {https://bit.ly/2MN6U82}}

@article{chidambarampaper,
author = {Chidambaram, Ramalingam and Samuel, Melvin and Needhidasan, Santhanam},
title = {Electronic waste—an emerging threat to the environment of urban India},
journal = {Journal of Environmental Health Science and Engineering},
year = {2014},
volume = {12},
issue = {36},
url = {https://bit.ly/2o3RUsE}}

@article{kumarsinghpaper,
author = {Kumar, Umesh and Singh, D.N.},
title = {E-Waste Management through Regulations},
journal = {International Journal of Engineering Solutions},
year = {2013},
volume = {3},
issue = {2},
pages = {06--14},
url = {https://bit.ly/2plcHIX}}

@article{bhaskarturagapapera,
author = {Bhaskar, Kalyan and Turaga, Rama Mohana R.},
title = {India's E‐Waste Rules and Their Impact on E‐Waste Management Practices: A Case Study},
journal = {Journal of Industrial Ecology},
year = {2017},
volume = {22},
issue = {4},
pages = {930--942},
url = {https://doi.org/10.1111/jiec.12619}}

@article{bhaskarturagapaperb,
author = {Bhaskar, Kalyan and Turaga, Rama Mohana R.},
title = {Extended Producer Responsibility as an Instrument for Electronic Waste Management: A Critical Analysis of India’s E-Waste Rules},
journal = {Working Paper, Indian Institute of Management, Ahmedabad},
year = {2015},
url = {https://bit.ly/2QJgLzd}}

@article{toxicspaper,
author = {{Toxics Link}},
title = {EPR: A Solution for the E-Waste Problem in India},
journal = {Toxics Dispatch},
year = {2007},
issue = {30},
url = {https://bit.ly/2O0SMwY}}

@article{gidwanicorwinpaper,
author = {Gidwani, Vinay and Corwin, Julia},
title = {Governance of Waste},
journal= {Economic \& Political Weekly},
volume= {52},
issue = {31},
pages= {44--54},
year= {2017}}

@article{shorttoffelpaper,
author = {Short, Jodi L. and Toffel, Michael W.},
title = {The Integrity of Private Third-Party Compliance Monitoring},
journal = {SSRN},
year = {2015},
url = {http://dx.doi.org/10.2139/ssrn.2695429.}}

@article{duflopaper,
author = {Duflo, Esther and Greenstone, Michael and Pande, Rohini and Ryan, Nicholas},
title = {What Does Reputation Buy? Differentiation in a Market for Third-Party Auditors},
journal = {American Economic Review: Papers \& Proceedings},
year = {2013},
month = may,
volume = {103},
issue = {3},
pages = {314--319},
url = {http://dx.doi.org/10.1257/aer.103.3.314}}

%Chapters
@incollection{wallschapter,
author = {Walls, Margaret},
title = {EPR Policy Goals and Policy Choices: What Does Economics Tell Us?},
booktitle = {Economic Aspects of Extended Producer Responsibility},
publisher = {OECD},
year = {2004},
url = {https://bit.ly/2Dd6f0i}}

@incollection{chungchapter,
author = {Chung, Sung-Woo and Murakami-Suzuki,Rie and Kojima, Michikazu},
title = {Application of EPR to Recycling Policies in Japan, Korea and Taiwan},
booktitle = {Extended Producer Responsibility Policy in East Asia},
institution = {IGES},
address = {Japan},
pages = {13--35},
year = {2009},
url = {https://bit.ly/2MJEDPS}}

%PhD Dissertation
@phdthesis{alevphd,
author = {Alev, Isil},
title = {Operational Perspectives on Extended Producer Responsibility for Durable and Consumable Products},
school = {Georgia Institue of Technology},
year = {2015},
type = {{PhD} dissertation}}
